@misc{lecture-4,
	title = {{AER303} {A}erospace {L}abratory 1 - {L}ecture 4},
	language = {English},
	author = {Phillipe Lavoie},
	publisher = {University of Toronto Institute for Aerospace Studies},
	year = {2023}
}

@article{lab_manual,
    title = {A{ER}303{F} {A}erospace {L}abratory 1: {A}erodynamic {F}orces on {A}irfoils},
	language = {English},
	author = {Phillipe Lavoie and Suraj Bansal},
	publisher = {University of Toronto Institute for Aerospace Studies},
	year = {2022}
}

@article{airfoil,
	title = {Air {F}oil},
	language = {English},
	author = {Mealani Nakamura},
	publisher = {Martin L. Culpepper},
	year = {1999},
    url = {https://web.mit.edu/2.972/www/reports/airfoil/airfoil.html}
}
@article{clarky,
	title = {Clark {Y} {A}irfoil},
	language = {English},
	publisher = {Wikipedia},
    url = {https://en.wikipedia.org/wiki/Clark_Y_airfoil},
    year = {2023}
}

@website{airfoil_tools,
    title = {ClarkY (clarky-il)},
    year ={2019},
    url = {http://airfoiltools.com/airfoil/details?airfoil=clarky-il},
    publisher = {Airfoiltools.com}
}

@manual{UIUC,
    author = {Lyon, Christopher A. and  Broeren, Andy P. and Giguere, Philippe and Gopalarathnam, Ashok and Selig, Michael S.},
    title = {Summary of {L}ow-{S}peed {A}irfoil {D}ata},
    institution = {University of Illinois Urbana-Champaign},
    year = {1997}
}

